@techreport{daramy2009cr,
  title={CR-LIBM A library of correctly rounded elementary functions in double-precision},
  author={Daramy-Loirat, Catherine and Defour, David and De Dinechin, Florent and Gallet, Matthieu and Gast, Nicolas and Lauter, Christoph Quirin and Muller, Jean-Michel},
  year={2009},
  institution={Technical report, LIP, ENS Lyon, 2006. URL: https://hal-ens-lyon. archives~…}
}

@inproceedings{le2016computing,
  title={Computing floating-point logarithms with fixed-point operations},
  author={Le Maire, Julien and Brunie, Nicolas and De Dinechin, Florent and Muller, Jean-Michel},
  booktitle={2016 IEEE 23nd Symposium on Computer Arithmetic (ARITH)},
  pages={156--163},
  year={2016},
  organization={IEEE}
}

@incollection{gal1986computing,
  title={Computing elementary functions: A new approach for achieving high accuracy and good performance},
  author={Gal, Shmuel},
  booktitle={Accurate scientific computations},
  pages={1--16},
  year={1986},
  publisher={Springer}
}
@misc{muller2010handbook,
  title={Handbook of Floating-Point Arithmetic},
  author={Muller, Jean-Michel and Brisebarre, Nicolas and de Dinechin, Florent and Jeannerod, Claude-Pierre and Lef{\`e}vre, Vincent and Melquiond, Guillaume and Revol, Nathalie and Stehl{\'e}, Damien and Torres, Serge},
  year={2010},
  publisher={Birkhauser Boston}
}
@phdthesis{lauter2005basic,
  title={Basic building blocks for a triple-double intermediate format},
  author={Lauter, Christoph Quirin},
  year={2005},
  school={INRIA, LIP}
}
@phdthesis{lefevre2004arithmetique,
  title={Arithm{\'e}tique flottante},
  author={Lef{\`e}vre, Vincent and Zimmermann, Paul},
  year={2004},
  school={INRIA}
}

@phdthesis{belaid2013resolution,
  title={R{\'e}solution de contraintes sur les flottants d{\'e}di{\'e}e {\`a} la v{\'e}rification de programmes},
  author={Belaid, Mohammed},
  year={2013},
  school={Universit{\'e} Nice Sophia Antipolis}
}
@inproceedings{markstein2008new,
  title={The new IEEE-754 standard for floating point arithmetic},
  author={Markstein, Peter},
  booktitle={Dagstuhl Seminar Proceedings},
  year={2008},
  organization={Schloss Dagstuhl-Leibniz-Zentrum f{\"u}r Informatik}
}
@misc{ enwiki:1096894205,
    author = "{Wikipedia contributors}",
    title = "IEEE 754 --- {Wikipedia}{,} The Free Encyclopedia",
    year = "2022",
    howpublished = "\url{https://en.wikipedia.org/w/index.php?title=IEEE_754&oldid=1096894205}",
    note = "[Online; accessed 1-September-2022]"
  }
  @article{chevillard2013users,
  title={Users’ manual for the Sollya tool},
  author={Chevillard, Sylvain and Lauter, Christoph and Joldes, Mioara},
  year={2013}
}
@phdthesis{louvet2007algorithmes,
  title={Algorithmes compens{\'e}s en arithm{\'e}tique flottante: pr{\'e}cision, validation, performances},
  author={Louvet, Nicolas},
  year={2007},
  school={Universit{\'e} de Perpignan Via Domitia}
}
@inproceedings{boldo2002properties,
  title={Properties of the subtraction valid for any floating point system},
  author={Boldo, Sylvie and Daumas, Marc},
  booktitle={7th International Workshop on Formal Methods for Industrial Critical Systems},
  pages={137--149},
  year={2002}
}
@phdthesis{muller2005definition,
  title={On the definition of ulp (x)},
  author={Muller, Jean-Michel},
  year={2005},
  school={INRIA, LIP}
}
@article{mullerelementary,
  title={Elementary Functions},
  author={Muller, Jean-Michel},
  publisher={Springer}
}
@article{dekker1971floating,
  title={A floating-point technique for extending the available precision},
  author={Dekker, Theodorus Jozef},
  journal={Numerische Mathematik},
  volume={18},
  number={3},
  pages={224--242},
  year={1971},
  publisher={Springer}
}
@inproceedings{jeannerod2018various,
  title={On various ways to split a floating-point number},
  author={Jeannerod, Claude-Pierre and Muller, Jean-Michel and Zimmermann, Paul},
  booktitle={2018 IEEE 25th Symposium on Computer Arithmetic (ARITH)},
  pages={53--60},
  year={2018},
  organization={IEEE}
}
@article{fabiano2019algorithms,
  title={Algorithms for triple-word arithmetic},
  author={Fabiano, Nicolas and Muller, Jean-Michel and Picot, Joris},
  journal={IEEE Transactions on Computers},
  volume={68},
  number={11},
  pages={1573--1583},
  year={2019},
  publisher={IEEE}
}
@article{de2007fast,
  title={Fast and correctly rounded logarithms in double-precision},
  author={De Dinechin, Florent and Lauter, Christoph and Muller, Jean-Michel},
  journal={RAIRO-Theoretical Informatics and Applications},
  volume={41},
  number={1},
  pages={85--102},
  year={2007},
  publisher={EDP Sciences}
}
@article{graillat2019tight,
  title={Tight interval inclusions with compensated algorithms},
  author={Graillat, Stef and J{\'e}z{\'e}quel, Fabienne},
  journal={IEEE Transactions on Computers},
  volume={69},
  number={12},
  pages={1774--1783},
  year={2019},
  publisher={IEEE}
}
@article{innocente2021accuracy,
  title={Accuracy of Mathematical Functions in Single, Double, Double Extended, and Quadruple Precision},
  author={Innocente, Vincenzo and Zimmermann, Paul},
  year={2021}
}
@techreport{ratheesecfloat,
  title={SECFLOAT: Accurate Floating-Point meets Secure 2-Party Computation (Full Version)},
  author={Rathee, Deevashwer and Bhattacharya, Anwesh and Sharma, Rahul and Gupta, Divya and Chandran, Nishanth and Rastogi, Aseem},
  institution={Cryptology ePrint Archive, Report 2022/322, 2022, https://ia. cr/2022/322}
}








